@article{massive,
	author = {Andrew J. Holbrook and Philippe Lemey and Guy Baele and Simon Dellicour and Dirk Brockmann and Andrew Rambaut and Marc A. Suchard},
	title = {Massive Parallelization Boosts Big Bayesian Multidimensional Scaling},
	journal = {Journal of Computational and Graphical Statistics},
	volume = {30},
	number = {1},
	pages = {11-24},
	year  = {2021},
	publisher = {Taylor \& Francis},
	doi = {10.1080/10618600.2020.1754226},
	URL = { 
	https://doi.org/10.1080/10618600.2020.1754226},
	eprint = { 
	https://doi.org/10.1080/10618600.2020.1754226
	}
}


@article{akiyama2022first,
	title={First Sagittarius A* Event Horizon Telescope Results. I. The Shadow of the Supermassive Black Hole in the Center of the Milky Way},
	author={Akiyama, Kazunori and Alberdi, Antxon and Alef, Walter and Algaba, Juan Carlos and Anantua, Richard and Asada, Keiichi and Azulay, Rebecca and Bach, Uwe and Baczko, Anne-Kathrin and Ball, David and others},
	journal={The Astrophysical Journal Letters},
	volume={930},
	number={2},
	pages={L12},
	year={2022},
	publisher={IOP Publishing}
}






@article{montanaro,
	author = {Montanaro, Ashley },
	title = {Quantum speedup of Monte Carlo methods},
	journal = {Proceedings of the Royal Society A: Mathematical, Physical and Engineering Sciences},
	volume = {471},
	number = {2181},
	pages = {20150301},
	year = {2015},
	doi = {10.1098/rspa.2015.0301},
	
	URL = {https://royalsocietypublishing.org/doi/abs/10.1098/rspa.2015.0301},
	eprint = {https://royalsocietypublishing.org/doi/pdf/10.1098/rspa.2015.0301}
	,
	abstract = { Monte Carlo methods use random sampling to estimate numerical quantities which are hard to compute deterministically. One important example is the use in statistical physics of rapidly mixing Markov chains to approximately compute partition functions. In this work, we describe a quantum algorithm which can accelerate Monte Carlo methods in a very general setting. The algorithm estimates the expected output value of an arbitrary randomized or quantum subroutine with bounded variance, achieving a near-quadratic speedup over the best possible classical algorithm. Combining the algorithm with the use of quantum walks gives a quantum speedup of the fastest known classical algorithms with rigorous performance bounds for computing partition functions, which use multiple-stage Markov chain Monte Carlo techniques. The quantum algorithm can also be used to estimate the total variation distance between probability distributions efficiently. }
}

@article{wocjan2008speedup,
	title={Speedup via quantum sampling},
	author={Wocjan, Pawel and Abeyesinghe, Anura},
	journal={Physical Review A},
	volume={78},
	number={4},
	pages={042336},
	year={2008},
	publisher={APS}
}

@misc{glatt,
	doi = {10.48550/ARXIV.2209.04750},
	
	url = {https://arxiv.org/abs/2209.04750},
	
	author = {Glatt-Holtz, Nathan E. and Holbrook, Andrew J. and Krometis, Justin A. and Mondaini, Cecilia F.},
	
	keywords = {Computation (stat.CO), Probability (math.PR), Statistics Theory (math.ST), FOS: Computer and information sciences, FOS: Computer and information sciences, FOS: Mathematics, FOS: Mathematics, 62D05, 60J22, 65C05, 65Y05},
	
	title = {Parallel MCMC Algorithms: Theoretical Foundations, Algorithm Design, Case Studies},
	
	publisher = {arXiv},
	
	year = {2022},
	
	copyright = {arXiv.org perpetual, non-exclusive license}
}

@article{wang2022quantum,
	title={Quantum computing in a statistical context},
	author={Wang, Yazhen and Liu, Hongzhi},
	journal={Annual Review of Statistics and Its Application},
	volume={9},
	number={NaN},
	year={2022},
	publisher={Annual Reviews}
}

@article{lopatnikova2021introduction,
	title={An Introduction to Quantum Computing for Statisticians},
	author={Lopatnikova, Anna and Tran, Minh-Ngoc},
	journal={arXiv preprint arXiv:2112.06587},
	year={2021}
}

@article{yoder2014fixed,
	title={Fixed-point quantum search with an optimal number of queries},
	author={Yoder, Theodore J and Low, Guang Hao and Chuang, Isaac L},
	journal={Physical review letters},
	volume={113},
	number={21},
	pages={210501},
	year={2014},
	publisher={APS}
}

@inproceedings{abadi2016tensorflow,
	title={$\{$TensorFlow$\}$: A System for $\{$Large-Scale$\}$ Machine Learning},
	author={Abadi, Mart{\'\i}n and Barham, Paul and Chen, Jianmin and Chen, Zhifeng and Davis, Andy and Dean, Jeffrey and Devin, Matthieu and Ghemawat, Sanjay and Irving, Geoffrey and Isard, Michael and others},
	booktitle={12th USENIX symposium on operating systems design and implementation (OSDI 16)},
	pages={265--283},
	year={2016}
}

@article{vanrossum1995python,
	title={Python reference manual},
	author={van Rossum, Guido},
	journal={Department of Computer Science [CS]},
	number={R 9525},
	year={1995},
	publisher={CWI}
}

@INPROCEEDINGS{shor,
	author={Shor, P.W.},
	booktitle={Proceedings 35th Annual Symposium on Foundations of Computer Science}, 
	title={Algorithms for quantum computation: discrete logarithms and factoring}, 
	year={1994},
	volume={},
	number={},
	pages={124-134},
	doi={10.1109/SFCS.1994.365700}}

@article{bennett1997strengths,
	title={Strengths and weaknesses of quantum computing},
	author={Bennett, Charles H and Bernstein, Ethan and Brassard, Gilles and Vazirani, Umesh},
	journal={SIAM journal on Computing},
	volume={26},
	number={5},
	pages={1510--1523},
	year={1997},
	publisher={SIAM}
}

@inproceedings{papandreou2011perturb,
	title={Perturb-and-map random fields: Using discrete optimization to learn and sample from energy models},
	author={Papandreou, George and Yuille, Alan L},
	booktitle={2011 International Conference on Computer Vision},
	pages={193--200},
	year={2011},
	organization={IEEE}
}

@article{giovannetti2008quantum,
	title={Quantum random access memory},
	author={Giovannetti, Vittorio and Lloyd, Seth and Maccone, Lorenzo},
	journal={Physical review letters},
	volume={100},
	number={16},
	pages={160501},
	year={2008},
	publisher={APS}
}

@article{kielpinski2002architecture,
	title={Architecture for a large-scale ion-trap quantum computer},
	author={Kielpinski, David and Monroe, Chris and Wineland, David J},
	journal={Nature},
	volume={417},
	number={6890},
	pages={709--711},
	year={2002},
	publisher={Nature Publishing Group}
}

@article{erhard2019characterizing,
	title={Characterizing large-scale quantum computers via cycle benchmarking},
	author={Erhard, Alexander and Wallman, Joel J and Postler, Lukas and Meth, Michael and Stricker, Roman and Martinez, Esteban A and Schindler, Philipp and Monz, Thomas and Emerson, Joseph and Blatt, Rainer},
	journal={Nature communications},
	volume={10},
	number={1},
	pages={1--7},
	year={2019},
	publisher={Nature Publishing Group}
}

@article{roberts2001optimal,
	title={Optimal scaling for various Metropolis-Hastings algorithms},
	author={Roberts, Gareth O and Rosenthal, Jeffrey S},
	journal={Statistical science},
	volume={16},
	number={4},
	pages={351--367},
	year={2001},
	publisher={Institute of Mathematical Statistics}
}


@article{gelman1992inference,
	title={Inference from iterative simulation using multiple sequences},
	author={Gelman, Andrew and Rubin, Donald B},
	journal={Statistical science},
	volume={7},
	number={4},
	pages={457--472},
	year={1992},
	publisher={Institute of Mathematical Statistics}
}

  @Manual{rlang,
    title = {R: A Language and Environment for Statistical Computing},
    author = {{R Core Team}},
    organization = {R Foundation for Statistical Computing},
    address = {Vienna, Austria},
    year = {2021},
    url = {https://www.R-project.org/},
  }

@article{baritompa2005grover,
	title={Grover's quantum algorithm applied to global optimization},
	author={Baritompa, William P and Bulger, David W and Wood, Graham R},
	journal={SIAM Journal on Optimization},
	volume={15},
	number={4},
	pages={1170--1184},
	year={2005},
	publisher={SIAM}
}

@article{farhi2014quantum,
	title={A quantum approximate optimization algorithm},
	author={Farhi, Edward and Goldstone, Jeffrey and Gutmann, Sam},
	journal={arXiv preprint arXiv:1411.4028},
	year={2014}
}

@incollection{liu2001theoretical,
	title={A theoretical framework for sequential importance sampling with resampling},
	author={Liu, Jun S and Chen, Rong and Logvinenko, Tanya},
	booktitle={Sequential Monte Carlo methods in practice},
	pages={225--246},
	year={2001},
	publisher={Springer}
}

@article{csillery2010approximate,
	title={Approximate Bayesian computation (ABC) in practice},
	author={Csill{\'e}ry, Katalin and Blum, Michael GB and Gaggiotti, Oscar E and Fran{\c{c}}ois, Olivier},
	journal={Trends in ecology \& evolution},
	volume={25},
	number={7},
	pages={410--418},
	year={2010},
	publisher={Elsevier}
}


@Book{ggplot,
    author = {Hadley Wickham},
    title = {ggplot2: Elegant Graphics for Data Analysis},
    publisher = {Springer-Verlag New York},
    year = {2016},
    isbn = {978-3-319-24277-4},
    url = {https://ggplot2.tidyverse.org},
  }


@inproceedings{salmon2011parallel,
	title={Parallel random numbers: as easy as 1, 2, 3},
	author={Salmon, John K and Moraes, Mark A and Dror, Ron O and Shaw, David E},
	booktitle={Proceedings of 2011 International Conference for High Performance Computing, Networking, Storage and Analysis},
	pages={1--12},
	year={2011}
}

@article{holbrook2021scalable,
	title={Scalable Bayesian inference for self-excitatory stochastic processes applied to big American gunfire data},
	author={Holbrook, Andrew J and Loeffler, Charles E and Flaxman, Seth R and Suchard, Marc A},
	journal={Statistics and Computing},
	volume={31},
	number={1},
	pages={1--15},
	year={2021},
	publisher={Springer}
}

@inproceedings{grover1996fast,
	title={A fast quantum mechanical algorithm for database search},
	author={Grover, Lov K},
	booktitle={Proceedings of the twenty-eighth annual ACM symposium on Theory of computing},
	pages={212--219},
	year={1996}
}

@article{boyer1998tight,
	title={Tight bounds on quantum searching},
	author={Boyer, Michel and Brassard, Gilles and H{\o}yer, Peter and Tapp, Alain},
	journal={Fortschritte der Physik: Progress of Physics},
	volume={46},
	number={4-5},
	pages={493--505},
	year={1998},
	publisher={Wiley Online Library}
}

@article{jordan2005fast,
	title={Fast quantum algorithm for numerical gradient estimation},
	author={Jordan, Stephen P},
	journal={Physical review letters},
	volume={95},
	number={5},
	pages={050501},
	year={2005},
	publisher={APS}
}

@article{harrow2009quantum,
	title={Quantum algorithm for linear systems of equations},
	author={Harrow, Aram W and Hassidim, Avinatan and Lloyd, Seth},
	journal={Physical review letters},
	volume={103},
	number={15},
	pages={150502},
	year={2009},
	publisher={APS}
}

@article{aaronson2015read,
	title={Read the fine print},
	author={Aaronson, Scott},
	journal={Nature Physics},
	volume={11},
	number={4},
	pages={291--293},
	year={2015},
	publisher={Nature Publishing Group}
}

@article{werner2008estimation,
	title={On estimation of covariance matrices with Kronecker product structure},
	author={Werner, Karl and Jansson, Magnus and Stoica, Petre},
	journal={IEEE Transactions on Signal Processing},
	volume={56},
	number={2},
	pages={478--491},
	year={2008},
	publisher={IEEE}
}

@article{boyer1998tight,
	title={Tight bounds on quantum searching},
	author={Boyer, Michel and Brassard, Gilles and H{\o}yer, Peter and Tapp, Alain},
	journal={Fortschritte der Physik: Progress of Physics},
	volume={46},
	number={4-5},
	pages={493--505},
	year={1998},
	publisher={Wiley Online Library}
}

@article{durr1996quantum,
	title={A quantum algorithm for finding the minimum},
	author={Durr, Christoph and Hoyer, Peter},
	journal={arXiv preprint quant-ph/9607014},
	year={1996}
}


@misc{nielsen2002quantum,
	title={Quantum computation and quantum information},
	author={Nielsen, Michael A and Chuang, Isaac},
	year={2002},
	publisher={American Association of Physics Teachers}
}

@article{lao2020tfp,
	title={tfp. mcmc: Modern Markov chain Monte Carlo tools built for modern hardware},
	author={Lao, Junpeng and Suter, Christopher and Langmore, Ian and Chimisov, Cyril and Saxena, Ashish and Sountsov, Pavel and Moore, Dave and Saurous, Rif A and Hoffman, Matthew D and Dillon, Joshua V},
	journal={arXiv preprint arXiv:2002.01184},
	year={2020}
}

@article{holbrook2021generating,
	title={Generating MCMC proposals by randomly rotating the regular simplex},
	author={Holbrook, Andrew J},
	journal={arXiv preprint arXiv:2110.06445},
	year={2021}
}


@article{luo2019multiple,
	title={A multiple-try Metropolis--Hastings algorithm with tailored proposals},
	author={Luo, Xin and Tjelmeland, H{\aa}kon},
	journal={Computational Statistics},
	volume={34},
	number={3},
	pages={1109--1133},
	year={2019},
	publisher={Springer}
}

@techreport{tjelmeland2004using,
	title={Using all Metropolis--Hastings proposals to estimate mean values},
	author={Tjelmeland, Hakon},
	year={2004},
	institution={Citeseer}
}

@article{neal2003markov,
	title={Markov chain sampling for non-linear state space models using embedded hidden Markov models},
	author={Neal, Radford M},
	journal={arXiv preprint math/0305039},
	year={2003}
}

@article{frenkel2004speed,
	title={Speed-up of Monte Carlo simulations by sampling of rejected states},
	author={Frenkel, Daan},
	journal={Proceedings of the National Academy of Sciences},
	volume={101},
	number={51},
	pages={17571--17575},
	year={2004},
	publisher={National Acad Sciences}
}

@article{delmas2009does,
	title={Does waste recycling really improve the multi-proposal Metropolis--Hastings algorithm? An analysis based on control variates},
	author={Delmas, Jean-Fran{\c{c}}cois and Jourdain, Benjamin},
	journal={Journal of applied probability},
	volume={46},
	number={4},
	pages={938--959},
	year={2009},
	publisher={Cambridge University Press}
}

@article{yang2018parallelizable,
	title={On parallelizable Markov chain Monte Carlo algorithms with waste-recycling},
	author={Yang, Shihao and Chen, Yang and Bernton, Espen and Liu, Jun S},
	journal={Statistics and Computing},
	volume={28},
	number={5},
	pages={1073--1081},
	year={2018},
	publisher={Springer}
}

@inproceedings{schwedes2021rao,
	title={Rao-Blackwellised parallel MCMC},
	author={Schwedes, Tobias and Calderhead, Ben},
	booktitle={International Conference on Artificial Intelligence and Statistics},
	pages={3448--3456},
	year={2021},
	organization={PMLR}
}

@article{andrieu2010particle,
	title={Particle markov chain monte carlo methods},
	author={Andrieu, Christophe and Doucet, Arnaud and Holenstein, Roman},
	journal={Journal of the Royal Statistical Society: Series B (Statistical Methodology)},
	volume={72},
	number={3},
	pages={269--342},
	year={2010},
	publisher={Wiley Online Library}
}


@article{schwedes2019parallel,
	title={Parallel Markov chain quasi-Monte Carlo methods},
	author={Schwedes, Tobias},
	year={2019},
	publisher={Imperial College London}
}


@article{holbrook2022bayesian,
	title={Bayesian mitigation of spatial coarsening for a Hawkes model applied to gunfire, wildfire and viral contagion},
	author={Holbrook, Andrew J and Ji, Xiang and Suchard, Marc A},
	journal={The Annals of Applied Statistics},
	volume={16},
	number={1},
	pages={573--595},
	year={2022},
	publisher={Institute of Mathematical Statistics}
}

@article{holbrook2022viral,
	title={From viral evolution to spatial contagion: a biologically modulated Hawkes model},
	author={Holbrook, Andrew J and Ji, Xiang and Suchard, Marc A},
	journal={Bioinformatics},
	volume={38},
	number={7},
	pages={1846--1856},
	year={2022},
	publisher={Oxford University Press}
}


@article{green1995reversible,
	title={Reversible jump Markov chain Monte Carlo computation and Bayesian model determination},
	author={Green, Peter J},
	journal={Biometrika},
	volume={82},
	number={4},
	pages={711--732},
	year={1995},
	publisher={Oxford University Press}
}

@article{zanella2020informed,
	title={Informed proposals for local MCMC in discrete spaces},
	author={Zanella, Giacomo},
	journal={Journal of the American Statistical Association},
	volume={115},
	number={530},
	pages={852--865},
	year={2020},
	publisher={Taylor \& Francis}
}

@article{duane1987hybrid,
	title={Hybrid monte carlo},
	author={Duane, Simon and Kennedy, Anthony D and Pendleton, Brian J and Roweth, Duncan},
	journal={Physics letters B},
	volume={195},
	number={2},
	pages={216--222},
	year={1987},
	publisher={Elsevier}
}

@article{rosenthal2011optimal,
	title={Optimal proposal distributions and adaptive MCMC},
	author={Rosenthal, Jeffrey S},
	journal={Handbook of Markov Chain Monte Carlo},
	volume={4},
	number={10.1201},
	year={2011},
	publisher={Chapman \& Hall/CRC Boca Raton, FL}
}

@article{agrawal2021optimal,
	title={Optimal scaling of MCMC beyond Metropolis},
	author={Agrawal, Sanket and Vats, Dootika and {\L}atuszy{\'n}ski, Krzysztof and Roberts, Gareth O},
	journal={arXiv preprint arXiv:2104.02020},
	year={2021}
}

@article{haario2001adaptive,
	title={An adaptive Metropolis algorithm},
	author={Haario, Heikki and Saksman, Eero and Tamminen, Johanna and others},
	journal={Bernoulli},
	volume={7},
	number={2},
	pages={223--242},
	year={2001},
	publisher={Bernoulli Society for Mathematical Statistics and Probability}
}

@Manual{pracma,
    title = {pracma: Practical Numerical Math Functions},
    author = {Hans W. Borchers},
    year = {2021},
    note = {R package version 2.3.3},
    url = {https://CRAN.R-project.org/package=pracma},
  }

@article{gelman1997weak,
	title={Weak convergence and optimal scaling of random walk Metropolis algorithms},
	author={Gelman, Andrew and Gilks, Walter R and Roberts, Gareth O},
	journal={The annals of applied probability},
	volume={7},
	number={1},
	pages={110--120},
	year={1997},
	publisher={Institute of Mathematical Statistics}
}

@article{williams1998bayesian,
	title={Bayesian classification with Gaussian processes},
	author={Williams, Christopher KI and Barber, David},
	journal={IEEE Transactions on Pattern Analysis and Machine Intelligence},
	volume={20},
	number={12},
	pages={1342--1351},
	year={1998},
	publisher={IEEE}
}

@article{neal2003slice,
	title={Slice sampling},
	author={Neal, Radford M},
	journal={Annals of statistics},
	pages={705--741},
	year={2003},
	publisher={JSTOR}
}

@article{ihaka1996r,
	title={R: a language for data analysis and graphics},
	author={Ihaka, Ross and Gentleman, Robert},
	journal={Journal of computational and graphical statistics},
	volume={5},
	number={3},
	pages={299--314},
	year={1996},
	publisher={Taylor \& Francis Group}
}


@Inbook{Lee2012,
	author="Lee, John M.",
	title="Quotient Manifolds",
	bookTitle="Introduction to Smooth Manifolds",
	year="2012",
	publisher="Springer New York",
	address="New York, NY",
	pages="540--563",
	abstract="In Chapter 4, we studied surjective smooth submersions, and emphasized their relationships with quotient maps. But one question we did not address there was which quotients of smooth manifolds are themselves smooth manifolds. The quotients that are easiest to analyze are those resulting from smooth Lie group actions. The main theorem of the chapter is the quotient manifold theorem, which asserts that a smooth Lie group action yields a quotient space with a natural smooth manifold structure provided that it is free (meaning that the group acts without fixed points) and proper (which means roughly that each compact subset is moved away from itself by most elements of the group). After proving the theorem, we apply it to the study of actions by discrete groups, which under suitable conditions yield covering maps, and homogeneous spaces, which are smooth manifolds endowed with smooth transitive Lie group actions. At the end of the chapter we describe a number of applications to the theory of Lie groups.",
	isbn="978-1-4419-9982-5",
	doi="10.1007/978-1-4419-9982-5_21",
	url="https://doi.org/10.1007/978-1-4419-9982-5_21"
}


@article{smith1993bayesian,
	title={Bayesian computation via the Gibbs sampler and related Markov chain Monte Carlo methods},
	author={Smith, Adrian FM and Roberts, Gareth O},
	journal={Journal of the Royal Statistical Society: Series B (Methodological)},
	volume={55},
	number={1},
	pages={3--23},
	year={1993},
	publisher={Wiley Online Library}
}


@article{hastings1970monte,
	title={Monte Carlo sampling methods using Markov chains and their applications},
	author={Hastings, W Keith},
	year={1970},
	publisher={Oxford University Press}
}


@article{metropolis1953equation,
	title={Equation of state calculations by fast computing machines},
	author={Metropolis, Nicholas and Rosenbluth, Arianna W and Rosenbluth, Marshall N and Teller, Augusta H and Teller, Edward},
	journal={The journal of chemical physics},
	volume={21},
	number={6},
	pages={1087--1092},
	year={1953},
	publisher={American Institute of Physics}
}


@article{neal2011mcmc,
	title={MCMC using Hamiltonian dynamics},
	author={Neal, Radford},
	journal={Handbook of markov chain monte carlo},
	volume={2},
	number={11},
	pages={2},
	year={2011}
}


@article{liu2000multiple,
  title={The multiple-try method and local optimization in Metropolis sampling},
  author={Liu, Jun S and Liang, Faming and Wong, Wing Hung},
  journal={Journal of the American Statistical Association},
  volume={95},
  number={449},
  pages={121--134},
  year={2000},
  publisher={Taylor \& Francis Group}
}

@article{hoffman2014no,
	title={The No\-U\-Turn sampler: adaptively setting path lengths in Hamiltonian Monte Carlo.},
	author={Hoffman, Matthew D and Gelman, Andrew},
	journal={J. Mach. Learn. Res.},
	volume={15},
	number={1},
	pages={1593--1623},
	year={2014}
}

@article{barker1965monte,
	title={Monte carlo calculations of the radial distribution functions for a proton? electron plasma},
	author={Barker, Av A},
	journal={Australian Journal of Physics},
	volume={18},
	number={2},
	pages={119--134},
	year={1965},
	publisher={CSIRO}
}

@article{calderhead2014general,
	title={A general construction for parallelizing Metropolis- Hastings algorithms},
	author={Calderhead, Ben},
	journal={Proceedings of the National Academy of Sciences},
	volume={111},
	number={49},
	pages={17408--17413},
	year={2014},
	publisher={National Acad Sciences}
}


@article{tierney1994markov,
	title={Markov chains for exploring posterior distributions},
	author={Tierney, Luke},
	journal={the Annals of Statistics},
	pages={1701--1728},
	year={1994},
	publisher={JSTOR}
}

@article{stewart1980efficient,
	title={The efficient generation of random orthogonal matrices with an application to condition estimators},
	author={Stewart, Gilbert W},
	journal={SIAM Journal on Numerical Analysis},
	volume={17},
	number={3},
	pages={403--409},
	year={1980},
	publisher={SIAM}
}